@misc{ website:jupyter.org,
    author = {},
    title = {{jupyter.org}},
    howpublished = "\url{http://jupyter.org/}",
    year = {},
    note = "[Online; accessed 19-Juny-2017]"
}

@misc{ website:mpld3.github.io,
    author = {},
    title = {{mpld3}},
    howpublished = "\url{http://mpld3.github.io/}",
    year = {},
    note = "[Online; accessed 19-Juny-2017]"
}

@book{rossant13,
  abstract = {A practical hands-on guide which focuses on interactive programming, numerical computing, and data analysis with IPython. This book is for Python developers who use Python as a scripting language or for software development, and are interested in learning IPython for increasing their productivity during interactive sessions in the console. Knowledge of Python is required, whereas no knowledge of IPython is necessary.},
  added-at = {2016-05-09T17:55:51.000+0200},
  author = {Rossant, Cyrille},
  biburl = {https://www.bibsonomy.org/bibtex/20a0d27a86fda7a431ccc2852e1f419fc/ytyoun},
  edition = {Second},
  interhash = {96d66804f6721dacbf58e5884a4af6fe},
  intrahash = {0a0d27a86fda7a431ccc2852e1f419fc},
  isbn = {1299545084 9781299545083 9781782169949 1782169946},
  keywords = {graphics ipython python textbook visualization},
  refid = {842885394},
  timestamp = {2016-05-11T06:25:13.000+0200},
  title = {Learning IPython for Interactive Computing and Data Visualization},
  year = 2013
}

@misc{ website:A-gallery-of-interesting-Jupyter-Notebooks,
    author = {},
    title = {{A gallery of interesting Jupyter Notebooks}},
    howpublished = "\url{https://github.com/jupyter/jupyter/wiki/A-gallery-of-interesting-Jupyter-Notebooks}",
    year = {},
    note = "[Online; accessed 19-Juny-2017]"
}

@misc{ website:snap.stanford.edudata,
    author = {},
    title = {{snap.stanford.edudata}},
    howpublished = "\url{https://snap.stanford.edu/data/}",
    year = {},
    note = "[Online; accessed 19-Juny-2017]"
}

@misc{ website:archive.orgdownloadstackexchange,
    author = {},
    title = {{stackexchange}},
    howpublished = "\url{https://archive.org/download/stackexchange/}",
    year = {},
    note = "[Online; accessed 19-Juny-2017]"
}

@misc{ website:snap.stanford.eduprojsnap,
    author = {},
    title = {{snap.stanford.eduprojsnap-icwsmicwsm14-T4-code.zip}},
    howpublished = "\url{http://snap.stanford.edu/proj/snap-icwsm/icwsm14-T4-code.zip}",
    year = {},
    note = "[Online; accessed 19-Juny-2017]"
}

@misc{ wiki:degree,
  author = "Wikipedia",
  title = "Degree distribution --- Wikipedia{,} The Free Encyclopedia",
  year = "2017",
  url = "\url{https://en.wikipedia.org/w/index.php?title=Degree_distribution&oldid=770465378}",
  note = "[Online; accessed 20-June-2017]"
}

@misc{ website:en.wikipedia.orgwikiCentralityDegree_centrality,
    author = {},
    title = {{Degree centrality}},
    howpublished = "\url{https://en.wikipedia.org/wiki/Centrality#Degree_centrality}",
    year = {},
    note = "[Online; accessed 19-Juny-2017]"
}

@misc{ website:mongodb.com,
    author = {},
    title = {{mongodb.com}},
    howpublished = "\url{https://www.mongodb.com/}",
    year = {},
    note = "[Online; accessed 19-Juny-2017]"
}

@misc{ website:hadoop.apache.org,
    author = {},
    title = {{hadoop.apache.org}},
    howpublished = "\url{http://hadoop.apache.org/}",
    year = {},
    note = "[Online; accessed 19-Juny-2017]"
}

@misc{ website:spark.apache.org,
    author = {},
    title = {{spark.apache.org}},
    howpublished = "\url{https://spark.apache.org/}",
    year = {},
    note = "[Online; accessed 19-Juny-2017]"
}

@misc{ website:nbviewer.jupyter.org,
    author = {},
    title = {{nbviewer.jupyter.org}},
    howpublished = "\url{http://nbviewer.jupyter.org/}",
    year = {},
    note = "[Online; accessed 19-Juny-2017]"
}
